@article{bolander2011epistemic,
  author    = {Thomas Bolander and
               Mikkel Birkegaard Andersen},
  title     = {Epistemic planning for single and multi-agent systems},
  journal   = {Journal of Applied Non-Classical Logics},
  volume    = {21},
  number    = {1},
  pages     = {9--34},
  year      = {2011},
  url       = {https://doi.org/10.3166/jancl.21.9-34},
  doi       = {10.3166/jancl.21.9-34},
  timestamp = {Sun, 28 May 2017 13:20:20 +0200},
  biburl    = {http://dblp.org/rec/bib/journals/jancl/BolanderA11},
  bibsource = {dblp computer science bibliography, http://dblp.org}
}

@book{van2007dynamic,
  title={Dynamic epistemic logic},
  author={Van Ditmarsch, Hans and van Der Hoek, Wiebe and Kooi, Barteld},
  year={2007},
  publisher={Springer}
}

@inproceedings{kominis2015beliefs,
  author    = {Filippos Kominis and
               Hector Geffner},
  title     = {Beliefs In Multiagent Planning: From One Agent to Many},
  booktitle = {Proceedings of the 25th ICAPS, Jerusalem, Israel, June 7-11, 2015.},
  pages     = {147--155},
  year      = {2015},
  crossref  = {DBLP:conf/aips/2015},
  url       = {http://www.aaai.org/ocs/index.php/ICAPS/ICAPS15/paper/view/10617},
  timestamp = {Tue, 26 May 2015 21:11:05 +0200},
  biburl    = {http://dblp.org/rec/bib/conf/aips/KominisG15},
  bibsource = {dblp computer science bibliography, http://dblp.org}
}

@inproceedings{muise2015planning,
  author    = {Christian J. Muise and
               Vaishak Belle and
               Paolo Felli and
               Sheila A. McIlraith and
               Tim Miller and
               Adrian R. Pearce and
               Liz Sonenberg},
  title     = {Planning Over Multi-Agent Epistemic States: {A} Classical Planning
               Approach},
  booktitle = {Proceedings of the Twenty-Ninth {AAAI} Conference on Artificial Intelligence,
               January 25-30, 2015, Austin, Texas, {USA.}},
  pages     = {3327--3334},
  year      = {2015},
  crossref  = {DBLP:conf/aaai/2015},
  url       = {http://www.aaai.org/ocs/index.php/AAAI/AAAI15/paper/view/9974},
  timestamp = {Sun, 12 Apr 2015 15:18:08 +0200},
  biburl    = {http://dblp.org/rec/bib/conf/aaai/MuiseBFMMPS15},
  bibsource = {dblp computer science bibliography, http://dblp.org}
}

@inproceedings{Liu2017A,
  author    = {Xiao Huang, Biqing Fang, Hai Wan, Yongmei Liu},
  title     = {A General Multi-agent Epistemic Planner Based on Higher-order Belief Change},
  booktitle = {Proceedings of the Twenty-Sixth International Joint Conference on
               Artificial Intelligence, {IJCAI-17}},
  pages     = {1093--1101},
  year      = {2017},
  doi       = {10.24963/ijcai.2017/152},
  url       = {https://doi.org/10.24963/ijcai.2017/152},
}

@article{bonnet1998hsp,
  title={HSP: Heuristic search planner},
  author={Bonnet, Blai and Geffner, H{\'e}ctor},
  year={1998},
  publisher={Citeseer},
  journal={In AIPS-98 Planning Competition Pittsburgh, PA.}
}

@article{Hoffman2011Fast,
  author    = {J{\"{o}}rg Hoffmann and
               Bernhard Nebel},
  title     = {The {FF} Planning System: Fast Plan Generation Through Heuristic Search},
  journal   = {CoRR},
  year      = {2011},
  url       = {http://arxiv.org/abs/1106.0675},
  archivePrefix = {arXiv},
  eprint    = {1106.0675},
  timestamp = {Wed, 07 Jun 2017 14:40:19 +0200},
  biburl    = {http://dblp.org/rec/bib/journals/corr/abs-1106-0675},
  bibsource = {dblp computer science bibliography, http://dblp.org}
}

@inproceedings{Mattm2010Pattern,
  author    = {Robert Mattm{\"{u}}ller and
               Manuela Ortlieb and
               Malte Helmert and
               Pascal Bercher},
  title     = {Pattern Database Heuristics for Fully Observable Nondeterministic
               Planning},
  booktitle = {Proceedings of the 20th ICAPS, Toronto, Ontario, Canada, May 12-16,
               2010},
  pages     = {105--112},
  year      = {2010},
  crossref  = {DBLP:conf/aips/2010},
  url       = {http://www.aaai.org/ocs/index.php/ICAPS/ICAPS10/paper/view/1430},
  timestamp = {Thu, 31 Jul 2014 11:17:14 +0200},
  biburl    = {http://dblp.org/rec/bib/conf/aips/MattmullerOHB10},
  bibsource = {dblp computer science bibliography, http://dblp.org}
}

@article{Hansen2001LAO,
  author    = {Eric A. Hansen and
               Shlomo Zilberstein},
  title     = {LAO$^*$: {A} heuristic search algorithm that finds solutions
               with loops},
  journal   = {Artif. Intell.},
  volume    = {129},
  number    = {1-2},
  pages     = {35--62},
  year      = {2001},
  url       = {https://doi.org/10.1016/S0004-3702(01)00106-0},
  doi       = {10.1016/S0004-3702(01)00106-0},
  timestamp = {Sat, 27 May 2017 14:24:42 +0200},
  biburl    = {http://dblp.org/rec/bib/journals/ai/HansenZ01a},
  bibsource = {dblp computer science bibliography, http://dblp.org}
}

@inproceedings{Winterer2016Structural,
  author    = {Dominik Winterer and
               Martin Wehrle and
               Michael Katz},
  title     = {Structural Symmetries for Fully Observable Nondeterministic Planning},
  booktitle = {Proceedings of the 25th IJCAI, New York, NY, USA, 9-15 July
               2016},
  pages     = {3293--3299},
  year      = {2016},
  crossref  = {DBLP:conf/ijcai/2016},
  url       = {http://www.ijcai.org/Abstract/16/466},
  timestamp = {Fri, 15 Jul 2016 15:58:28 +0200},
  biburl    = {http://dblp.org/rec/bib/conf/ijcai/WintererW016},
  bibsource = {dblp computer science bibliography, http://dblp.org}
}

@article{alchourron1985logic,
  author    = {Carlos E. Alchourr{\'{o}}n and
               Peter G{\"{a}}rdenfors and
               David Makinson},
  title     = {On the Logic of Theory Change: Partial Meet Contraction and Revision
               Functions},
  journal   = {J. Symb. Log.},
  volume    = {50},
  number    = {2},
  pages     = {510--530},
  year      = {1985},
  url       = {https://doi.org/10.2307/2274239},
  doi       = {10.2307/2274239},
  timestamp = {Sun, 28 May 2017 13:21:52 +0200},
  biburl    = {http://dblp.org/rec/bib/journals/jsyml/AlchourronGM85},
  bibsource = {dblp computer science bibliography, http://dblp.org}
}

@inproceedings{mendelzon1991difference,
  author    = {Hirofumi Katsuno and
               Alberto O. Mendelzon},
  title     = {On the Difference between Updating a Knowledge Base and Revising It},
  booktitle = {Proceedings of the 2nd International Conference on Principles of Knowledge
               Representation and Reasoning. Cambridge, MA, USA.},
  pages     = {387--394},
  year      = {1991},
  crossref  = {DBLP:conf/kr/1991},
  timestamp = {Fri, 18 May 2012 15:03:00 +0200},
  biburl    = {http://dblp.org/rec/bib/conf/kr/KatsunoM91},
  bibsource = {dblp computer science bibliography, http://dblp.org}
}

@article{darwiche1997logic,
  author    = {Adnan Darwiche and
               Judea Pearl},
  title     = {On the Logic of Iterated Belief Revision},
  journal   = {Artif. Intell.},
  volume    = {89},
  number    = {1-2},
  pages     = {1--29},
  year      = {1997},
  url       = {https://doi.org/10.1016/S0004-3702(96)00038-0},
  doi       = {10.1016/S0004-3702(96)00038-0},
  timestamp = {Sat, 27 May 2017 14:24:42 +0200},
  biburl    = {http://dblp.org/rec/bib/journals/ai/DarwicheP97},
  bibsource = {dblp computer science bibliography, http://dblp.org}
}

@inproceedings{satoh1988nonmonotonic,
  author    = {Ken Satoh},
  title     = {Nonmonotonic Reasoning by Minimal Belief Revision},
  booktitle = {{FGCS}},
  pages     = {455--462},
  year      = {1988},
  timestamp = {Thu, 03 Jan 2002 11:58:02 +0100},
  biburl    = {http://dblp.org/rec/bib/conf/fgcs/Satoh88},
  bibsource = {dblp computer science bibliography, http://dblp.org}
}

@inproceedings{winslett1988reasoning,
  author    = {Marianne Winslett},
  title     = {Reasoning about Action Using a Possible Models Approach},
  booktitle = {Proceedings of the 7th National Conference on Artificial Intelligence.
               St. Paul, MN, August 21-26, 1988.},
  pages     = {89--93},
  year      = {1988},
  crossref  = {DBLP:conf/aaai/1988},
  url       = {http://www.aaai.org/Library/AAAI/1988/aaai88-016.php},
  timestamp = {Wed, 12 Dec 2012 09:55:01 +0100},
  biburl    = {http://dblp.org/rec/bib/conf/aaai/Winslett88},
  bibsource = {dblp computer science bibliography, http://dblp.org}
}

@article{mcdermott1998pddl,
  title={PDDL-the planning domain definition language},
  author={McDermott, Drew and Ghallab, Malik and Howe, Adele and Knoblock, Craig and Ram, Ashwin and Veloso, Manuela and Weld, Daniel and Wilkins, David},
  year={1998},
  journal={Technical Report CVC TR98003/DCS TR1165, Yale Center for Computational Vision and Control, New Haven, CT.}
}
